@article{sabidussi1966CC,
  title        = {The Centrality Index of a Graph},
  author       = {{Sabidussi}, Gert},
  date         = {1966-12-01},
  journaltitle = {Psychometrika},
  shortjournal = {Psychometrika},
  volume       = {31},
  number       = {4},
  pages        = {581--603}
}

@article{bonacich1972EC,
  title        = {Factoring and Weighting Approaches to Status Scores and Clique Identification},
  author       = {{Bonacich}, Phillip},
  date         = {1972-01-01},
  journaltitle = {The Journal of Mathematical Sociology},
  volume       = {2},
  number       = {1},
  pages        = {113--120},
  publisher    = {{Routledge}}
}

@article{freeman1977BC,
  title        = {A {{Set}} of {{Measures}} of {{Centrality Based}} on {{Betweenness}}},
  author       = {{Freeman}, Linton},
  date         = {1977-03-01},
  journaltitle = {Sociometry},
  shortjournal = {Sociometry},
  volume       = {40},
  pages        = {35--41}
}

@article{kuntz1992药物设计网络,
  author  = {{Kuntz}, I. D.},
  title   = {Structure-based strategies for drug design and discovery},
  journal = {Science},
  volume  = {257},
  pages   = {1078–1082},
  year    = {1992}
}

@article{brin1998PageRank,
  title        = {The Anatomy of a Large-Scale Hypertextual {{Web}} Search Engine},
  author       = {{Brin}, Sergey and {Page}, Lawrence},
  date         = {1998-04-01},
  journaltitle = {Computer Networks and ISDN Systems},
  shortjournal = {Computer Networks and ISDN Systems},
  series       = {Proceedings of the {{Seventh International World Wide Web Conference}}},
  volume       = {30},
  number       = {1},
  pages        = {107--117}
}

@article{barabasi1999幂律分布,
  author  = {Albert-László {Barabási} and Réka {Albert}},
  title   = {Emergence of Scaling in Random Networks},
  journal = {Science},
  volume  = {286},
  pages   = {509-512},
  year    = {1999}
}

@inproceedings{page1999PageRank,
  title     = {The PageRank Citation Ranking : Bringing Order to the Web},
  author    = {Lawrence {Page} and Sergey {Brin} and Rajeev {Motwani} and Terry {Winograd}},
  booktitle = {The Web Conference},
  year      = {1999}
}

@article{albert2000HD,
  title        = {Error and Attack Tolerance of Complex Networks},
  author       = {{Albert}, Réka and {Jeong}, Hawoong and {Barabási}, Albert-László},
  date         = {2000-07},
  journaltitle = {Nature},
  volume       = {406},
  number       = {6794},
  pages        = {378--382},
  publisher    = {{Nature Publishing Group}},
  issue        = {6794}
}

@article{cohen2001HDA,
  title     = {Breakdown of the Internet under Intentional Attack},
  volume    = {86},
  number    = {16},
  journal   = {Physical Review Letters},
  publisher = {American Physical Society (APS)},
  author    = {{Cohen}, Reuven and {Erez}, Keren and {ben-Avraham}, Daniel and {Havlin}, Shlomo},
  year      = {2001},
  month     = apr,
  pages     = {3682–3685}
}

@inproceedings{joachims2002RankingSVM,
  author    = {{Joachims}, Thorsten},
  title     = {Optimizing Search Engines Using Clickthrough Data},
  year      = {2002},
  isbn      = {158113567X},
  publisher = {Association for Computing Machinery},
  address   = {New York, NY, USA},
  booktitle = {Proceedings of the Eighth ACM SIGKDD International Conference on Knowledge Discovery and Data Mining},
  pages     = {133–142},
  numpages  = {10},
  location  = {Edmonton, Alberta, Canada},
  series    = {KDD '02}
}

@article{freund2003RankBoost,
  author     = {{Freund}, Yoav and {Iyer}, Raj and {Schapire}, Robert E. and {Singer}, Yoram},
  title      = {An Efficient Boosting Algorithm for Combining Preferences},
  year       = {2003},
  issue_date = {12/1/2003},
  publisher  = {JMLR.org},
  volume     = {4},
  number     = {null},
  journal    = {J. Mach. Learn. Res.},
  month      = {dec},
  pages      = {933–969},
  numpages   = {37}
}

@article{moreno2004谣言传播网络,
  author  = {{Moreno}, Y. and {Nekovee}, M. and {Pacheco}, A. F.},
  title   = {Dynamics of rumor spreading in complex networks},
  journal = {Physical Review E},
  year    = {2004},
  volume  = {69},
  number  = {6},
  pages   = {066130}
}

@article{estrada2005SC,
  title        = {Subgraph {{Centrality}} in {{Complex Networks}}},
  author       = {{Estrada}, Ernesto and {Rodriguez-Velazquez}, Juan A.},
  date         = {2005-05-06},
  journaltitle = {Physical Review E},
  shortjournal = {Phys. Rev. E},
  volume       = {71},
  number       = {5},
  pages        = {056103}
}

@inproceedings{burges2005RankNet,
  author    = {{Burges}, Chris and {Shaked}, Tal and {Renshaw}, Erin and {Lazier}, Ari and {Deeds}, Matt and {Hamilton}, Nicole and {Hullender}, Greg},
  title     = {Learning to Rank Using Gradient Descent},
  year      = {2005},
  publisher = {Association for Computing Machinery},
  address   = {New York, NY, USA},
  booktitle = {Proceedings of the 22nd International Conference on Machine Learning},
  pages     = {89–96},
  numpages  = {8},
  location  = {Bonn, Germany},
  series    = {ICML '05}
}

@article{arulselvan2009恐怖分子网络_CN,
  author  = {{Arulselvan}, A. and {Commander}, C. W. and {Elefteriadou}, L. and {Pardalos}, P. M.},
  title   = {Detecting critical nodes in sparse graphs},
  journal = {Computational \& Operations Research},
  volume  = {36},
  pages   = {2193--2200},
  year    = {2009}
}

@article{kitsak2010K-Shell,
  title        = {Identification of Influential Spreaders in Complex Networks},
  author       = {{Kitsak}, Maksim and {Gallos}, Lazaros K. and {Havlin}, Shlomo and {Liljeros}, Fredrik and {Muchnik}, Lev and {Stanley}, H. Eugene and {Makse}, Hernán A.},
  date         = {2010-11},
  journaltitle = {Nature Physics},
  shortjournal = {Nature Phys},
  volume       = {6},
  number       = {11},
  pages        = {888--893},
  publisher    = {{Nature Publishing Group}},
  issue        = {11}
}

@article{schneider2011ANC,
  title   = {Mitigation of malicious attacks on networks},
  author  = {{Schneider}, C. M. and {Moreira}, A. A. and {Andrade}, J. S. and {Havlin}, S. and {Herrmann}, H. J.},
  journal = {Proc. Natl Acad. Sci. USA},
  volume  = {108},
  pages   = {3838--3841},
  year    = {2011}
}

@article{lu2011LeaderRank,
  title        = {Leaders in Social Networks, the {{Delicious}} Case},
  author       = {{Lü}, Linyuan and {Zhang}, Yi-Cheng and {Yeung}, Chi Ho and {Zhou}, Tao},
  date         = {2011},
  journaltitle = {PloS One},
  shortjournal = {PLoS One},
  volume       = {6},
  number       = {6},
  pages        = {e21202},
  pmcid        = {PMC3124485}
}

@article{chen2012LC,
  title        = {Identifying Influential Nodes in Complex Networks},
  author       = {{Chen}, Duanbing and {Lü}, Linyuan and {Shang}, Ming-Sheng and {Zhang}, Yi-Cheng and {Zhou}, Tao},
  date         = {2012-02-15},
  journaltitle = {Physica A: Statistical Mechanics and its Applications},
  shortjournal = {Physica A: Statistical Mechanics and its Applications},
  volume       = {391},
  number       = {4},
  pages        = {1777--1787}
}

@misc{mnih2013DQN,
  title         = {Playing Atari with Deep Reinforcement Learning},
  author        = {Volodymyr {Mnih} and Koray {Kavukcuoglu} and David {Silver} and Alex {Graves} and Ioannis {Antonoglou} and Daan {Wierstra} and Martin {Riedmiller}},
  year          = {2013},
  eprint        = {1312.5602},
  archiveprefix = {arXiv},
  primaryclass  = {cs.LG}
}

@article{rolland2014HI-II-14,
  title        = {A Proteome-Scale Map of the Human Interactome Network},
  author       = {{Rolland}, Thomas and {Taşan}, Murat and {Charloteaux}, Benoit and {Pevzner}, Samuel J. and {Zhong}, Quan and {Sahni}, Nidhi and {Yi}, Song and {Lemmens}, Irma and {Fontanillo}, Celia and {Mosca}, Roberto and {Kamburov}, Atanas and {Ghiassian}, Susan D. and {Yang}, Xinping and {Ghamsari}, Lila and {Balcha}, Dawit and {Begg}, Bridget E. and {Braun}, Pascal and {Brehme}, Marc and {Broly}, Martin P. and {Carvunis}, Anne-Ruxandra and {Convery-Zupan}, Dan and {Corominas}, Roser and {Coulombe-Huntington}, Jasmin and {Dann}, Elizabeth and {Dreze}, Matija and {Dricot}, Amélie and {Fan}, Changyu and {Franzosa}, Eric and {Gebreab}, Fana and {Gutierrez}, Bryan J. and {Hardy}, Madeleine F. and {Jin}, Mike and {Kang}, Shuli and {Kiros}, Ruth and {Lin}, Guan Ning and {Luck}, Katja and {MacWilliams}, Andrew and {Menche}, Jörg and {Murray}, Ryan R. and {Palagi}, Alexandre and {Poulin}, Matthew M. and {Rambout}, Xavier and {Rasla}, John and {Reichert}, Patrick and {Romero}, Viviana and {Ruyssinck}, Elien and {Sahalie}, Julie M. and {Scholz}, Annemarie and {Shah}, Akash A. and {Sharma}, Amitabh and {Shen}, Yun and {Spirohn}, Kerstin and {Tam}, Stanley and {Tejeda}, Alexander O. and {Wanamaker}, Shelly A. and {Twizere}, Jean-Claude and {Vega}, Kerwin and {Walsh}, Jennifer and {Cusick}, Michael E. and {Xia}, Yu and {Barabási}, Albert-László and {Iakoucheva}, Lilia M. and {Aloy}, Patrick and {De Las Rivas}, Javier and {Tavernier}, Jan and {Calderwood}, Michael A. and {Hill}, David E. and {Hao}, Tong and {Roth}, Frederick P. and {Vidal}, Marc},
  date         = {2014-11-20},
  journaltitle = {Cell},
  shortjournal = {Cell},
  volume       = {159},
  number       = {5},
  pages        = {1212--1226}
}

@article{morone2015CI,
  title        = {Influence Maximization in Complex Networks through Optimal Percolation},
  author       = {{Morone}, Flaviano and {Makse}, Hernan A.},
  date         = {2015-08-06},
  journaltitle = {Nature},
  shortjournal = {Nature},
  volume       = {524},
  number       = {7563},
  eprinttype   = {arxiv},
  eprintclass  = {cond-mat, physics:physics},
  pages        = {65--68}
}

@article{braunstein2016ND,
  title     = {Network dismantling},
  author    = {{Braunstein}, Alfredo and {Dall’Asta}, Luca and {Semerjian}, Guilhem and {Zdeborová}, Lenka},
  journal   = {Proceedings of the National Academy of Sciences},
  volume    = {113},
  number    = {44},
  pages     = {12368--12373},
  year      = {2016},
  publisher = {National Academy of Sciences}
}

@article{lu2016H-Index,
  title        = {The {{H-index}} of a Network Node and Its Relation to Degree and Coreness},
  author       = {{Lü}, Linyuan and {Zhou}, Tao and {Zhang}, Qian-Ming and {Stanley}, H. Eugene},
  date         = {2016-01-12},
  journaltitle = {Nature Communications},
  shortjournal = {Nat Commun},
  volume       = {7},
  number       = {1},
  pages        = {10168},
  publisher    = {{Nature Publishing Group}},
  issue        = {1}
}

@book{barabasi2016网络科学书,
  author    = {{Barabási}, Albert-László},
  title     = {Network Science},
  year      = {2016},
  publisher = {Cambridge University Press}
}

@article{silver2016DQN游戏,
  title        = {Mastering the Game of {{Go}} with Deep Neural Networks and Tree Search},
  author       = {{Silver}, David and {Huang}, Aja and {Maddison}, Chris J. and {Guez}, Arthur and {Kavukcuoglu}, Koray and {Graepel}, Thore and {Hassabis}, Demis},
  date         = {2016-01},
  journaltitle = {Nature},
  volume       = {529},
  number       = {7587},
  pages        = {484--489},
  publisher    = {{Nature Publishing Group}},
  issue        = {7587}
}

@misc{hessel2017DQN_1,
  title         = {Rainbow: Combining Improvements in Deep Reinforcement Learning},
  author        = {Matteo Hessel and Joseph Modayil and Hado van Hasselt and Tom Schaul and Georg Ostrovski and Will Dabney and Dan Horgan and Bilal Piot and Mohammad Azar and David Silver},
  year          = {2017},
  eprint        = {1710.02298},
  archiveprefix = {arXiv},
  primaryclass  = {cs.AI}
}

@article{zareie2018HKC,
  title        = {A Hierarchical Approach for Influential Node Ranking in Complex Social Networks},
  author       = {{Zareie}, Ahmad and {Sheikhahmadi}, Amir},
  date         = {2018-03-01},
  journaltitle = {Expert Systems with Applications},
  shortjournal = {Expert Systems with Applications},
  volume       = {93},
  pages        = {200--211}
}

@misc{haarnoja2018DQN机器人控制,
  title         = {Soft Actor-Critic: Off-Policy Maximum Entropy Deep Reinforcement Learning with a Stochastic Actor},
  author        = {Tuomas {Haarnoja} and Aurick {Zhou} and Pieter {Abbeel} and Sergey {Levine}},
  year          = {2018},
  eprint        = {1801.01290},
  archiveprefix = {arXiv},
  primaryclass  = {cs.LG}
}

@phdthesis{李天梅2019复杂网络的关键节点识别,
  author = {李天梅},
  title  = {复杂网络的关键节点识别},
  school = {西安科技大学},
  year   = {2019}
}

@misc{zhang2019GResNet,
  title         = {GResNet: Graph Residual Network for Reviving Deep GNNs from Suspended Animation},
  author        = {Jiawei {Zhang} and Lin {Meng}},
  year          = {2019},
  eprint        = {1909.05729},
  archiveprefix = {arXiv},
  primaryclass  = {cs.LG}
}

@article{zhao2020无监督特征融合,
  title   = {A machine learning based framework for identifying influential nodes in complex networks},
  author  = {{Zhao}, G and {Jia}, P and {Huang}, C and others},
  journal = {IEEE Access},
  volume  = {8},
  pages   = {65462--65471},
  year    = {2020}
}

@article{cheng2020谣言传播网络_1,
  title        = {Rumor Spreading in Complex Networks under Stochastic Node Activity},
  author       = {Cheng, Yingying and Huo, Liang’an and Zhao, Laijun},
  date         = {2020},
  journaltitle = {Physica A: Statistical Mechanics and its Applications},
  volume       = {559},
  pages        = {125061}
}

@article{fan2020FINDER,
  title        = {Finding Key Players in Complex Networks through Deep Reinforcement Learning},
  author       = {{Fan}, Changjun and {Zeng}, Li and {Sun}, Yizhou and {Liu}, Yang-Yu},
  date         = {2020-06},
  journaltitle = {Nature Machine Intelligence},
  shortjournal = {Nat Mach Intell},
  volume       = {2},
  number       = {6},
  pages        = {317--324},
  publisher    = {{Nature Publishing Group}},
  issue        = {6}
}

@online{gao2021K-Core,
  title       = {K-{{Core Decomposition}} on {{Super Large Graphs}} with {{Limited Resources}}},
  author      = {Gao, Shicheng and Xu, Jie and Li, Xiaosen and Fu, Fangcheng and Zhang, Wentao and Ouyang, Wen and Tao, Yangyu and Cui, Bin},
  date        = {2021-12-25},
  eprint      = {2112.14840},
  eprinttype  = {arxiv},
  eprintclass = {cs},
  doi         = {10.48550/arXiv.2112.14840},
  pubstate    = {preprint}
}

@misc{kiran2021DQN自动驾驶,
  title         = {Deep Reinforcement Learning for Autonomous Driving: A Survey},
  author        = {B Ravi {Kiran} and Ibrahim {Sobh} and Victor {Talpaert} and Patrick {Mannion} and Ahmad A. Al {Sallab} and Senthil {Yogamani} and Patrick {Pérez}},
  year          = {2021},
  eprint        = {2002.00444},
  archiveprefix = {arXiv},
  primaryclass  = {cs.LG}
}

@article{郭明健2022基于复杂网络理论的电力网络抗毁性分析,
  author  = {郭明健 and 高岩},
  title   = {基于复杂网络理论的电力网络抗毁性分析},
  journal = {复杂系统与复杂性科学},
  year    = {2022},
  volume  = {19},
  number  = {4},
  pages   = {1-6}
}

@article{yang2022药物设计网络_1,
  title     = {Implementation of deep learning in drug design},
  author    = {Yang, Bo and Li, Kan and Zhong, Xiuqin and Zou, Jun},
  journal   = {MedComm--Future Medicine},
  volume    = {1},
  number    = {2},
  pages     = {e18},
  year      = {2022},
  publisher = {Wiley Online Library}
}

@article{刘子彤2023一种面向有权重通信网络的关键节点识别方法,
  title        = {一种面向有权重通信网络的关键节点识别方法},
  author       = {{刘子彤} and {王威} and {丁国如} and {吴启晖}},
  date         = {2023},
  journaltitle = {数据采集与处理},
  volume       = {38},
  number       = {1},
  pages        = {51--62}
}

@article{刘子彤2023加权集体影响力,
  title        = {一种面向有权重通信网络的关键节点识别方法},
  author       = {{刘子彤} and {王威} and {丁国如} and {吴启晖}},
  date         = {2023},
  journaltitle = {数据采集与处理},
  volume       = {38},
  number       = {1},
  pages        = {51--62}
}

@article{杨洋2023有监督SIR模拟,
  title        = {基于GCN的复杂网络关键节点识别研究},
  author       = {{杨洋} and {王俊峰}},
  date         = {2023},
  journaltitle = {四川大学学报(自然科学版)},
  volume       = {60},
  number       = {3},
  pages        = {55--64}
}

@misc{li2023LTR,
  title         = {Learning to Rank in Generative Retrieval},
  author        = {Yongqi Li and Nan Yang and Liang Wang and Furu Wei and Wenjie Li},
  year          = {2023},
  eprint        = {2306.15222},
  archiveprefix = {arXiv},
  primaryclass  = {cs.CL}
}

@article{asgharian2023无监督特征融合_1,
  title        = {A Machine Learning-Based Approach for Vital Node Identification in Complex Networks},
  author       = {Asgharian Rezaei, Ahmad and Munoz, Justin and Jalili, Mahdi and Khayyam, Hamid},
  date         = {2023-03-15},
  journaltitle = {Expert Systems with Applications},
  shortjournal = {Expert Systems with Applications},
  volume       = {214},
  pages        = {119086}
}


















